@book{
    comput-geom,
    title={Computational geometry},
    author={De Berg, Mark and Van Kreveld, Marc and Overmars, Mark and Schwarzkopf, Otfried Cheong},
    year={2000},
    publisher={Springer},
    pages={253--254}
}

