@article{
    goldberg1974survey,
    title={Survey of virtual machine research},
    author={Goldberg, Robert P},
    journal={Computer},
    volume={7},
    number={6},
    pages={34--45},
    year={1974},
    publisher={IEEE}
}

@inproceedings{
    price2004solaris,
    title={Solaris Zones: Operating System Support for Consolidating Commercial Workloads},
    author={Price, Daniel and Tucker, Andrew}
}

@article{
    rosenblum2005virtual,
    title={Virtual machine monitors: Current technology and future trends},
    author={Rosenblum, Mendel and Garfinkel, Tal},
    journal={Computer},
    volume={38},
    number={5},
    pages={39--47},
    year={2005},
    publisher={IEEE}
}

@inproceedings{
    matthews2007quantifying,
    title={Quantifying the performance isolation properties of virtualization systems},
    author={Matthews, Jeanna Neefe and Hu, Wenjin and Hapuarachchi, Madhujith and Deshane, Todd and Dimatos, Demetrios and Hamilton, Gary and McCabe, Michael and Owens, James},
    booktitle={Proceedings of the 2007 workshop on Experimental computer science},
    pages={6},
    year={2007},
    organization={ACM}
}

@inproceedings{
    kivity2007kvm,
    title={kvm: the Linux virtual machine monitor},
    author={Kivity, Avi and Kamay, Yaniv and Laor, Dor and Lublin, Uri and Liguori, Anthony},
    booktitle={Proceedings of the Linux symposium},
    volume={1},
    pages={225--230},
    year={2007}
}

@inproceedings{
    xavier2013performance,
    title={Performance evaluation of container-based virtualization for high performance computing environments},
    author={Xavier, Miguel G and Neves, Marcelo V and Rossi, Fabio D and Ferreto, Tiago C and Lange, Timoteo and De Rose, Cesar AF},
    booktitle={2013 21st Euromicro International Conference on Parallel, Distributed, and Network-Based Processing},
    pages={233--240},
    year={2013},
    organization={IEEE}
}

@article{
    felter2014updated,
    title={An Updated Performance Comparison of Virtual Machines and Linux Containers},
    author={Felter, Wes and Ferreira, Alexandre and Rajamony, Ram and Rubio, Juan}, journal={technology},
    volume={28},
    pages={32},
    year={2014}
}

@article{
    bui2015analysis,
    title={Analysis of docker security},
    author={Bui, Thanh},
    journal={arXiv preprint arXiv:1501.02967},
    year={2015}
}

@inproceedings{
    morabito2015power,
    title={Power Consumption of Virtualization Technologies: an Empirical Investigation},
    author={Morabito, Roberto},
    booktitle={2015 IEEE/ACM 8th International Conference on Utility and Cloud Computing (UCC)},
    pages={522--527},
    year={2015},
    organization={IEEE}
}

@misc{
    rocketwb,
    title = {{CoreOS is building a container runtime, Rocket}},
    howpublished = "\url{https://coreos.com/blog/rocket/}",
    year = "2015"
}

@misc{
    dockerwb,
    title = {{Docker project official website}},
    howpublished = "\url{https://www.docker.com/}",
    year = "2015"
}

@misc{
    RHELatomic,
    title = {{Project Atomic}},
    howpublished = "\url{http://www.projectatomic.io/}",
    year = "2015"
}
